 @misc{tracker, title={Tracker Video Analysis}, url={https://physlets.org/tracker/}, journal={Tracker Video Analysis and Modeling Tool for Physics Education}, author={Brown, Douglas and Hanson, Robert and Christian, Wolfgang}} 
 @misc{python, url={https://www.python.org/}, journal={Python}} 
 @misc{scipy, url={https://www.scipy.org/}, journal={SciPy}}
 @misc{matplotlib, url={https://matplotlib.org/}, journal={MatPlotLib}}